<record><leader>00000cas a22000007a 4500</leader><controlfield tag="001">14223686</controlfield><controlfield tag="008">860916d1uuu19uutxudr ne      0    0eng d</controlfield><datafield ind1=" " ind2=" " tag="010"><subfield code="a">sn 86089059 </subfield></datafield><datafield ind1=" " ind2=" " tag="040"><subfield code="a">PPM</subfield><subfield code="b">eng</subfield><subfield code="c">PPM</subfield><subfield code="d">OCLCQ</subfield></datafield><datafield ind1=" " ind2=" " tag="042"><subfield code="a">msc</subfield></datafield><datafield ind1="0" ind2="4" tag="245"><subfield code="a">The Gainesville daily register.</subfield></datafield><datafield ind1=" " ind2=" " tag="260"><subfield code="a">Gainesville, Tex. :</subfield><subfield code="b">[s.n.]</subfield></datafield><datafield ind1=" " ind2=" " tag="300"><subfield code="a">v. :</subfield><subfield code="b">ill.</subfield></datafield><datafield ind1=" " ind2=" " tag="310"><subfield code="a">Daily</subfield></datafield><datafield ind1=" " ind2=" " tag="588"><subfield code="a">Description based on: Vol. 22, no. (May 5, 1906).</subfield></datafield><datafield ind1=" " ind2=" " tag="752"><subfield code="a">United States</subfield><subfield code="b">Texas</subfield><subfield code="c">Cooke</subfield><subfield code="d">Gainesville.</subfield></datafield><datafield ind1="0" ind2=" " tag="775"><subfield code="t">Gainesville weekly register</subfield><subfield code="w">(DLC)sn 86089060</subfield></datafield><datafield ind1="0" ind2="7" tag="785"><subfield code="t">Gainesville messenger</subfield><subfield code="w">(DLC)sn 86089058</subfield></datafield><datafield ind1="0" ind2="7" tag="785"><subfield code="t">Gainesville daily register and messenger</subfield><subfield code="w">(DLC)sn 86072012</subfield></datafield></record>